<?xml version="1.0" encoding="UTF-8"?><record xmlns="http://www.loc.gov/MARC21/slim" xmlns:cinclude="http://apache.org/cocoon/include/1.0" xmlns:zs="http://www.loc.gov/zing/srw/">
  <leader>00572nz  a2200145n  4500</leader>
  <controlfield tag="001">n 2010027174</controlfield>
  <controlfield tag="003">DLC</controlfield>
  <controlfield tag="005">20100504075239.0</controlfield>
  <controlfield tag="008">100430n| acannaabn          |a aaa      </controlfield>
  <datafield tag="010" ind1=" " ind2=" ">
    <subfield code="a">n 2010027174</subfield>
  </datafield>
  <datafield tag="040" ind1=" " ind2=" ">
    <subfield code="a">DLC</subfield>
    <subfield code="b">eng</subfield>
    <subfield code="c">DLC</subfield>
  </datafield>
  <datafield tag="100" ind1="1" ind2=" ">
    <subfield code="a">Canas, António,</subfield>
    <subfield code="d">1963-</subfield>
  </datafield>
  <datafield tag="400" ind1="1" ind2=" ">
    <subfield code="a">Costa Canas, António José Duarte,</subfield>
    <subfield code="d">1963-</subfield>
  </datafield>
  <datafield tag="400" ind1="1" ind2=" ">
    <subfield code="a">Duarte Costa Canas, António José,</subfield>
    <subfield code="d">1963-</subfield>
  </datafield>
  <datafield tag="670" ind1=" " ind2=" ">
    <subfield code="a">Canas, António José Duarte Costa. Os submarinos em Portugal, 1913-2008, c2009:</subfield>
    <subfield code="b">t.p. (António Canas) front flap (frigate captain António José Duarte Costa; b. Abrantes, 1963)</subfield>
  </datafield>
</record>